<record><leader>00000cas a22000007a 4500</leader><controlfield tag="001">12683669</controlfield><controlfield tag="008">851017c19009999gauwr ne      0   a0eng d</controlfield><datafield ind1=" " ind2=" " tag="010"><subfield code="a">sn 85009110 </subfield></datafield><datafield ind1=" " ind2=" " tag="040"><subfield code="a">NSD</subfield><subfield code="b">eng</subfield><subfield code="c">NSD</subfield><subfield code="d">NLG</subfield><subfield code="d">GUA</subfield><subfield code="d">OCLCQ</subfield><subfield code="d">OCLCF</subfield><subfield code="d">OCLCO</subfield></datafield><datafield ind1=" " ind2=" " tag="012"><subfield code="m">1</subfield></datafield><datafield ind1="1" ind2=" " tag="022"><subfield code="a">0885-6567</subfield><subfield code="l">0885-6567</subfield><subfield code="2">1</subfield></datafield><datafield ind1="1" ind2=" " tag="029"><subfield code="a">AU@</subfield><subfield code="b">000041143674</subfield></datafield><datafield ind1=" " ind2=" " tag="032"><subfield code="a">532880</subfield><subfield code="b">USPS</subfield></datafield><datafield ind1=" " ind2=" " tag="042"><subfield code="a">nsdp</subfield><subfield code="a">msc</subfield></datafield><datafield ind1=" " ind2=" " tag="043"><subfield code="a">n-us-ga</subfield></datafield><datafield ind1="0" ind2=" " tag="130"><subfield code="a">Talbotton new era (Talbotton, Ga. : 1900)</subfield></datafield><datafield ind1=" " ind2="0" tag="222"><subfield code="a">Talbotton new era</subfield></datafield><datafield ind1="1" ind2="4" tag="245"><subfield code="a">The Talbotton new era.</subfield></datafield><datafield ind1=" " ind2=" " tag="260"><subfield code="a">Talbotton, Ga. :</subfield><subfield code="b">R.N.R. Bardwell,</subfield><subfield code="c">1900-</subfield></datafield><datafield ind1=" " ind2=" " tag="310"><subfield code="a">Weekly</subfield></datafield><datafield ind1="0" ind2=" " tag="362"><subfield code="a">Vol. 17, no. 12 (Feb. 16, 1900)-</subfield></datafield><datafield ind1=" " ind2=" " tag="530"><subfield code="a">Also on microfilm: Athens, Ga. : University of Georgia Libraries.</subfield></datafield><datafield ind1=" " ind2="0" tag="651"><subfield code="a">Talbotton (Ga.)</subfield><subfield code="v">Newspapers.</subfield></datafield><datafield ind1=" " ind2="0" tag="651"><subfield code="a">Talbot County (Ga.)</subfield><subfield code="v">Newspapers.</subfield></datafield><datafield ind1=" " ind2="7" tag="655"><subfield code="a">Newspapers.</subfield><subfield code="2">fast</subfield><subfield code="0">(OCoLC)fst01423814</subfield></datafield><datafield ind1=" " ind2="7" tag="651"><subfield code="a">Georgia</subfield><subfield code="z">Talbot County.</subfield><subfield code="2">fast</subfield><subfield code="0">(OCoLC)fst01215872</subfield></datafield><datafield ind1=" " ind2="7" tag="651"><subfield code="a">Georgia</subfield><subfield code="z">Talbotton.</subfield><subfield code="2">fast</subfield><subfield code="0">(OCoLC)fst01267757</subfield></datafield><datafield ind1=" " ind2=" " tag="752"><subfield code="a">United States</subfield><subfield code="b">Georgia</subfield><subfield code="c">Talbot</subfield><subfield code="d">Talbotton.</subfield></datafield><datafield ind1=" " ind2=" " tag="752"><subfield code="a">United States</subfield><subfield code="b">Georgia</subfield><subfield code="c">Meriwether</subfield><subfield code="d">Manchester.</subfield></datafield><datafield ind1="0" ind2="0" tag="780"><subfield code="t">New era (Talbotton, Ga.)</subfield><subfield code="w">(DLC)sn 89053374</subfield><subfield code="w">(OCoLC)21391386</subfield></datafield><datafield ind1=" " ind2=" " tag="936"><subfield code="a">Sept. 12, 1985</subfield></datafield></record>